<?xml version="1.0" encoding="UTF-8"?><collection xmlns="http://www.loc.gov/MARC21/slim"><record><leader>00368nam--2200133-i-4500</leader><controlfield tag="001">000013303</controlfield><controlfield tag="002">20161230</controlfield><controlfield tag="005">20161230201030</controlfield><controlfield tag="008">060222s1000------------r-----000-0-eng-d</controlfield><datafield ind1=" " ind2=" " tag="080"><subfield code="a">621.9(075.8)</subfield></datafield><datafield ind1=" " ind2=" " tag="100"><subfield code="a">Botez, E., Vaida, A., Si Velicu, S</subfield></datafield><datafield ind1=" " ind2=" " tag="245"><subfield code="a">Proiectarea masinilor unelte</subfield></datafield><datafield ind1=" " ind2=" " tag="260"><subfield code="a">Bucuresti, Editura Didactica Si Pedagogica, 1980. 510 P</subfield></datafield><datafield ind1=" " ind2=" " tag="852"><subfield code="a">48307</subfield></datafield></record></collection>